<record><leader>00000cas a22000007i 4500</leader><controlfield tag="001">756649061</controlfield><controlfield tag="006">m     o  d        </controlfield><controlfield tag="007">cr |||||||||||</controlfield><controlfield tag="008">111011c20129999miubr n o     0   a0eng  </controlfield><datafield ind1=" " ind2=" " tag="010"><subfield code="a">  2011203936</subfield></datafield><datafield ind1=" " ind2=" " tag="040"><subfield code="a">DLC</subfield><subfield code="b">eng</subfield><subfield code="e">rda</subfield><subfield code="c">DLC</subfield><subfield code="d">DLC</subfield><subfield code="d">OCLCO</subfield><subfield code="d">OCLCQ</subfield><subfield code="d">OCLCF</subfield></datafield><datafield ind1=" " ind2=" " tag="012"><subfield code="l">1</subfield><subfield code="k">1</subfield></datafield><datafield ind1="0" ind2=" " tag="022"><subfield code="a">2164-1935</subfield><subfield code="2">1</subfield></datafield><datafield ind1=" " ind2=" " tag="037"><subfield code="b">BNP Media II, LLC, 2401 Big Beaver Rd., Ste. 700, Troy, MI 48084-3333</subfield></datafield><datafield ind1=" " ind2=" " tag="042"><subfield code="a">pcc</subfield><subfield code="a">nsdp</subfield></datafield><datafield ind1="1" ind2="0" tag="050"><subfield code="a">ISSN RECORD</subfield></datafield><datafield ind1="0" ind2="0" tag="082"><subfield code="a">697</subfield><subfield code="2">23</subfield></datafield><datafield ind1=" " ind2="0" tag="222"><subfield code="a">Distribution center</subfield><subfield code="b">(Online)</subfield></datafield><datafield ind1="0" ind2="0" tag="245"><subfield code="a">Distribution center.</subfield></datafield><datafield ind1="3" ind2=" " tag="246"><subfield code="a">DC</subfield></datafield><datafield ind1="3" ind2=" " tag="246"><subfield code="a">Distribution center magazine</subfield></datafield><datafield ind1=" " ind2="1" tag="264"><subfield code="a">Troy, MI :</subfield><subfield code="b">BNP Media II,</subfield><subfield code="c">2012-</subfield></datafield><datafield ind1=" " ind2=" " tag="310"><subfield code="a">Bimonthly</subfield></datafield><datafield ind1=" " ind2=" " tag="336"><subfield code="a">text</subfield><subfield code="b">txt</subfield><subfield code="2">rdacontent</subfield></datafield><datafield ind1=" " ind2=" " tag="337"><subfield code="a">computer</subfield><subfield code="b">c</subfield><subfield code="2">rdamedia</subfield></datafield><datafield ind1=" " ind2=" " tag="338"><subfield code="a">online resource</subfield><subfield code="b">cr</subfield><subfield code="2">rdacarrier</subfield></datafield><datafield ind1="1" ind2=" " tag="362"><subfield code="a">Began with: Jan. 2012.</subfield></datafield><datafield ind1=" " ind2=" " tag="515"><subfield code="a">Jan. 2012 also called inaugural edition.</subfield></datafield><datafield ind1=" " ind2=" " tag="520"><subfield code="a">"Distribution Center magazine is the exclusive and official publication of Heating, Air-conditioning and Refrigeration Distributors International."</subfield></datafield><datafield ind1=" " ind2=" " tag="588"><subfield code="a">Description based on: January 2012; title from digital title page (publisher's Web site viewed Feb. 26, 2013).</subfield></datafield><datafield ind1=" " ind2=" " tag="588"><subfield code="a">Latest issue consulted: January 2013 (viewed Feb. 26, 2013).</subfield></datafield><datafield ind1=" " ind2="0" tag="650"><subfield code="a">Heating and ventilation industry</subfield><subfield code="v">Periodicals.</subfield></datafield><datafield ind1=" " ind2="0" tag="650"><subfield code="a">Refrigerator industry</subfield><subfield code="v">Periodicals.</subfield></datafield><datafield ind1=" " ind2="7" tag="655"><subfield code="a">Periodicals.</subfield><subfield code="2">fast</subfield><subfield code="0">(OCoLC)fst01411641</subfield></datafield><datafield ind1=" " ind2="7" tag="650"><subfield code="a">Heating and ventilation industry.</subfield><subfield code="2">fast</subfield><subfield code="0">(OCoLC)fst00954072</subfield></datafield><datafield ind1=" " ind2="7" tag="650"><subfield code="a">Refrigerator industry.</subfield><subfield code="2">fast</subfield><subfield code="0">(OCoLC)fst01092754</subfield></datafield><datafield ind1="2" ind2=" " tag="710"><subfield code="a">Heating, Air-conditioning and Refrigeration Distributors International.</subfield></datafield><datafield ind1="0" ind2="8" tag="776"><subfield code="i">Print version:</subfield><subfield code="t">Distribution center (Print)</subfield><subfield code="x">2164-1919</subfield><subfield code="w">(DLC)  2011203935</subfield><subfield code="w">(OCoLC)756649032</subfield></datafield><datafield ind1="4" ind2="0" tag="856"><subfield code="u">http://www.hardinet.org/distribution-center</subfield></datafield></record>